
%%%%%Private-ID
@misc{cryptoeprint:2020:599,
	author = {Prasad Buddhavarapu and Andrew Knox and Payman Mohassel and Shubho Sengupta and  Erik Taubeneck and Vlad Vlaskin },
	title = {Private Matching for Compute},
	howpublished = {Cryptology ePrint Archive, Report 2020/599},
	year = {2020},
	note = {\url{https://eprint.iacr.org/2020/599}},
}


@INPROCEEDINGS{6234849,
	author={Meadows, Catherine},
	booktitle={1986 IEEE Symposium on Security and Privacy}, 
	title={A More Efficient Cryptographic Matchmaking Protocol for Use in the Absence of a Continuously Available Third Party}, 
	year={1986},
	volume={},
	number={},
	pages={134-134},
	doi={10.1109/SP.1986.10022}}